@online{progetto-PRISMA,
    title = {Il Progetto PRISMA},
    author = {INAF},
    year = {2016},
    urldate = {2022-07},
    url = {http://www.prisma.inaf.it/index.php/il-progetto/}
}

@online{bolide-fireball,
    title = {Fireball e bolide},
    author = {INAF},
    year = {2016},
    urldate = {2022-07},
    url = {http://www.prisma.inaf.it/index.php/fireball-e-bolide/}
}

@online{n3srl,
    title = {N3 Srl},
    url = {https://n-3.it/}
}

@online{FITS,
    title = {The FITS Support Office},
    author = {NASA},
    urldate = {2022-07},
    url = {https://fits.gsfc.nasa.gov/}
}

@online{JS,
    title = {JavaScript},
    author = {Pluralsight},
    urldate = {2022-07},
    url = {https://www.javascript.com/}
}

@online{jQuery,
    title = {jQuery},
    author = {OpenJS Foundation},
    urldate = {2022-07},
    url = {https://jquery.com/}
}

@online{GoogleMaps,
    title = {JavaScript Maps},
    author = {Google},
    urldate = {2022-07},
    url = {https://developers.google.com/maps/documentation/javascript/overview}
}

@online{DataTables,
    title = {DataTables},
    author = {SpryMedia Ltd},
    urldate = {2022-07},
    url = {https://datatables.net/}
}

@online{Bootstrap,
    title = {Bootstrap},
    author = {Bootstrap},
    urldate = {2022-07},
    url = {https://getbootstrap.com/}
}

@online{PHP,
    title = {PHP},
    author = {The PHP Group},
    urldate = {2022-07},
    url = {https://www.php.net/}
}

@online{Symfony,
    title = {Symfony},
    author = {Symfony SAS},
    urldate = {2022-07},
    url = {https://symfony.com/}
}

@misc{Silex,
    title = {Silex},
    year = {2018},
    publisher = {GitHub},
    journal = {GitHub repository},
    howpublished = {\url{https://github.com/silexphp/Silex}},
}

@online{fitspng,
    title = {fitspng},
    author = {Ubuntu Manpage Repository},
    urldate = {2022-07},
    url = {https://manpages.ubuntu.com/manpages/bionic/man1/fitspng.1.html}
}

@online{ImageMagick,
    title = {ImageMagick},
    author = {ImageMagick Studio LLC},
    urldate = {2022-07},
    url = {https://imagemagick.org/index.php}
}

@online{FFmpeg,
    title = {FFmpeg},
    urldate = {2022-07},
    url = {https://ffmpeg.org/}
}

@online{libzip,
    title = {libzip},
    author = {Dieter Baron and Thomas Klausner},
    urldate = {2022-07},
    url = {https://libzip.org/}
}

@misc{sysstat,
    title = {sysstat},
    author = {Sebastien Godard},
    publisher = {GitHub},
    journal = {GitHub repository},
    urldate = {2022-07},
    howpublished = {\url{https://github.com/sysstat/sysstat}},
}

@online{OpenVPN,
    title = {OpenVPN},
    author = {OpenVPN},
    urldate = {2022-07},
    year = {1999},
    url = {https://openvpn.net/}
}

@misc{FreeTure,
    title = {FreeTure},
    author = {FRIPON},
    publisher = {GitHub},
    journal = {GitHub repository},
    urldate = {2022-07},
    howpublished = {\url{https://github.com/fripon/freeture}},
}

@online{install-Docker-Debian,
    title = {Install Docker Engine on Debian},
    author = {Docker Inc.},
    urldate = {2022-07},
    url = {https://docs.docker.com/engine/install/debian/}
}

@misc{Prometheus-node-exporter-github,
    title = {node\_exporter},
    author = {Prometheus},
    publisher = {GitHub},
    journal = {GitHub repository},
    urldate = {2022-07},
    howpublished = {\url{https://github.com/prometheus/node_exporter/release}},
}

@online{Prometheus-node-exporter,
    title = {Monitoring Linux Host Metrics with the Node Exporter},
    author = {Docker Inc.},
    urldate = {2022-07},
    url = {https://prometheus.io/docs/guides/node-exporter/#installing-and-running-the-node-exporter}
}

@online{Docker,
    title = {Docker},
    author = {Docker Inc.},
    urldate = {2022-07},
    url = {https://www.docker.com/}
}

@misc{orma-webmin, 
    title = {orma-webmin},
    author = {N3 Srl},
    note = {Immagine di Docker Hub},
    urldate = {2022-07},
    howpublished = {\url{https://hub.docker.com/r/n3srl/orma-webmin}},
}

@online{Prometheus,
    title = {Prometheus},
    author = {Prometheus Authors},
    urldate = {2022-07},
    url = {https://prometheus.io/}
}

@online{bolide-050322,
    title = {Aggiornamento sul bolide del 5 marzo 2022},
    author = {Daniele Gardiol},
    year = {2022},
    url = {http://www.prisma.inaf.it/index.php/2022/03/11/1403/}
}

@misc{prisma-node-webmin,
    title = {PRISMA\_NODE\_WEBMIN},
    author = {N3 Srl},
    publisher = {GitHub},
    journal = {GitHub repository},
    urldate = {2022-07},
    howpublished = {\url{https://github.com/n3srl/PRISMA_NODE_WEBMIN}},
}

@online{confluence,
    title = {Confluence},
    author = {Atlassian},
    urldate = {2022-07},
    url = {https://www.atlassian.com/it/software/confluence/guides/get-started/confluence-overview#key-features}
}

@online{oracle-vbox,
    title = {Oracle VirtualBox},
    author = {Oracle},
    urldate = {2022-07},
    url = {https://www.virtualbox.org/}
}

@online{chrome-devtools,
    title = {Chrome DevTools},
    author = {Google},
    urldate = {2022-07},
    url = {https://developer.chrome.com/docs/devtools/overview/}
}

@online{git,
    title = {Git},
    url = {https://git-scm.com/}
}

@online{docker-hub,
    title = {Docker Hub},
    author = {Docker Inc.},
    url = {https://hub.docker.com/}
}

@online{github,
    title = {GitHub},
    author = {GitHub, Inc.},
    url = {https://github.com/}
}

@online{netbeans,
    title = {NetBeans},
    author = {The Apache Software Foundation.},
    url = {https://netbeans.apache.org/}
}